@inbook {p18715,
	title = {Part V : Ensemble prediction system},
	booktitle = {IFS Documentation CY45R1},
	series = {IFS Documentation},
	number = {5},
	year = {2018},
	publisher = {ECMWF},
	organization = {ECMWF},
	abstract = {<p>
  Chapter 1 Methodology<br>Chapter 2 Computational details: initial perturbations<br>Chapter 3 Computational details: non-linear integrations<br>References</p>
},
	url = {https://www.ecmwf.int/node/18715}
}
