
@Article{Budin1985,
  Title                    = {Interannual variability of {A}ustralian snowfall},
  Author                   = {Budin, GR},
  Journal                  = {Aust. Met. Mag},
  Year                     = {1985},
  Pages                    = {145--59},
  Volume                   = {33}
}

@article{David2013,
  title={Towards the development of long term winter records for the Snowy Mountains},
  author={Davis, Clem},
  journal={Australian Meteorological Magazine},
  volume={63},
  pages={303--313},
  year={2013}
}

@book{LInden2009,

  editor={van der Linden, P. and Mitchell, J. F. B.},
  title={{ENSEMBLES: Climate Change and its Impacts: Summary of research and results from the ENSEMBLES project}},
  publisher={Met Office Hadley Centre},
  year={2009},
  address={{Exeter, UK}}
}

@inproceedings{Trewin2010,
  author={Trewin, B.C.},
  year={2010},
  title={Site location effects on measured precipitation in highly exposed coastal and alpine environments},
  booktitle = {2010 AMOS National Conference, Canberra, 27-29 January 2010}
}