@inbook {p18714,
	title = {Part IV : Physical processes},
	booktitle = {IFS Documentation CY45R1},
	series = {IFS Documentation},
	number = {4},
	year = {2018},
	publisher = {ECMWF},
	organization = {ECMWF},
	abstract = {<p>
  Chapter 1 Overview<br>Chapter 2 Radiation<br>Chapter 3 Turbulent transport and interactions with the surface<br>Chapter 4 Subgrid-scale orographic drag<br>Chapter 5 Non-orographic gravity wave drag<br>Chapter 6 Convection<br>Chapter 7 Clouds and large-scale precipitation<br>Chapter 8 Surface parametrization<br>Chapter 9 Methane oxidation<br>Chapter 10 Ozone chemistry parametrization<br>Chapter 11 Climatological data<br>Chapter 12 Basic physical constants and thermodynamic functions<br>References</p>
},
	url = {https://www.ecmwf.int/node/18714}
}
