@article{ebert00,
title = "Verification of precipitation in weather systems: determination of systematic errors",
journal = "Journal of Hydrology",
volume = "239",
number = "1",
pages = "179 - 202",
year = "2000",
issn = "0022-1694",
doi = "https://doi.org/10.1016/S0022-1694(00)00343-7",
url = "http://www.sciencedirect.com/science/article/pii/S0022169400003437",
author = "E.E Ebert and J.L McBride",
keywords = "Rainfall, Precipitation, Storms, Australia",
}

@article{ebert08,
author = {Ebert, Elizabeth E.},
title = {Fuzzy verification of high-resolution gridded forecasts: a review and proposed framework},
journal = {Meteorological Applications},
volume = {15},
number = {1},
pages = {51-64},
keywords = {verification, high-resolution forecast, fuzzy},
doi = {10.1002/met.25},
url = {https://rmets.onlinelibrary.wiley.com/doi/abs/10.1002/met.25},
eprint = {https://rmets.onlinelibrary.wiley.com/doi/pdf/10.1002/met.25},
year = {2008}
}

@article{efron79,
author = "Efron, B.",
journal = "The Annals of Statistics",
month = "01",
number = "1",
pages = "1-26",
publisher = "The Institute of Mathematical Statistics",
title = {Bootstrap Methods: Another Look at the Jackknife},
doi = {10.1214/aos/1176344552},
volume = "7",
year = "1979"
}

@article{ferro17,
author = {Ferro, Christopher A. T.},
title = {Measuring forecast performance in the presence of observation error},
journal = {Quarterly Journal of the Royal Meteorological Society},
volume = {143},
number = {708},
pages = {2665-2676},
keywords = {observation errors, probability forecasts, proper, scores, scoring rules, verification},
doi = {10.1002/qj.3115},
url = {https://rmets.onlinelibrary.wiley.com/doi/abs/10.1002/qj.3115},
eprint = {https://rmets.onlinelibrary.wiley.com/doi/pdf/10.1002/qj.3115},
year = {2017}
}

@article{gille05,
author = {Gille, Sarah T. and Llewellyn Smith, Stefan G. and Statom, Nicholas M.},
title = {Global observations of the land breeze},
journal = {{Geophysical Research Letters}},
year = {2005},
volume = {32},
number = {5},
doi = {10.1029/2004GL022139},
url = {https://agupubs.onlinelibrary.wiley.com/doi/abs/10.1029/2004GL022139},
}

@article{lynch14,
author = {Lynch, Kieran J. and Brayshaw, David J. and Charlton-Perez, Andrew},
title = {Verification of European Subseasonal Wind Speed Forecasts},
journal = {Monthly Weather Review},
volume = {142},
number = {8},
pages = {2978-2990},
year = {2014},
doi = {10.1175/MWR-D-13-00341.1},
URL = {https://doi.org/10.1175/MWR-D-13-00341.1},
eprint = {https://doi.org/10.1175/MWR-D-13-00341.1}
}

@article{mahringer08,
author = {Mahringer, Guenter},
title = {Terminal aerodrome forecast verification in Austro Control using time windows and ranges of forecast conditions},
journal = {Meteorological Applications},
volume = {15},
number = {1},
pages = {113-123},
keywords = {forecast quality, aeronautical meteorology, verification method, contingency tables},
doi = {10.1002/met.62},
url = {https://rmets.onlinelibrary.wiley.com/doi/abs/10.1002/met.62},
eprint = {https://rmets.onlinelibrary.wiley.com/doi/pdf/10.1002/met.62},
year = {2008}
}

@article{mason08,
author = {Mason, S. J.},
title = {Understanding forecast verification statistics},
journal = {Meteorological Applications},
volume = {15},
number = {1},
pages = {31-40},
keywords = {bootstrap, cross validation, effectiveness, equitability, locality, p-values, permutation, propriety},
doi = {10.1002/met.51},
url = {https://rmets.onlinelibrary.wiley.com/doi/abs/10.1002/met.51},
eprint = {https://rmets.onlinelibrary.wiley.com/doi/pdf/10.1002/met.51},
year = {2008}
}

@article{pinson12,
author = {Pinson, Pierre and Hagedorn, Renate},
title = {Verification of the ECMWF ensemble forecasts of wind speed against analyses and observations},
journal = {Meteorological Applications},
volume = {19},
number = {4},
pages = {484-500},
keywords = {probabilistic forecasting, skill, calibration, benchmark, scores, observational uncertainty, energy application},
doi = {10.1002/met.283},
url = {https://rmets.onlinelibrary.wiley.com/doi/abs/10.1002/met.283},
eprint = {https://rmets.onlinelibrary.wiley.com/doi/pdf/10.1002/met.283},
year = {2012}
}


@article{qian09,
author = {Qian, Tingting and Epifanio, Craig C. and Zhang, Fuqing},
title = {{Linear Theory Calculations for the Sea Breeze in a Background Wind: The Equatorial Case}},
journal = {{Journal of the Atmospheric Sciences}},
volume = {66},
number = {6},
pages = {1749-1763},
year = {2009},
doi = {10.1175/2008JAS2851.1},
URL = {https://doi.org/10.1175/2008JAS2851.1},
}

@article{rauniyar11,
author = {Rauniyar, Surendra P. and Walsh, Kevin J. E.},
title = {{Scale Interaction of the Diurnal Cycle of Rainfall over the Maritime Continent and Australia: Influence of the MJO}},
journal = {{Journal of Climate}},
volume = {24},
number = {2},
pages = {325-348},
year = {2011},
doi = {10.1175/2010JCLI3673.1},
URL = {https://doi.org/10.1175/2010JCLI3673.1},
}

@article{robinson13,
author = {Robinson, F. J. and Patterson, M. D. and Sherwood, S. C.},
title = {A Numerical Modeling Study of the Propagation of Idealized Sea-Breeze Density Currents},
journal = {Journal of the Atmospheric Sciences},
volume = {70},
number = {2},
pages = {653-668},
year = {2013},
doi = {10.1175/JAS-D-12-0113.1},
URL = {https://doi.org/10.1175/JAS-D-12-0113.1},
eprint = {https://doi.org/10.1175/JAS-D-12-0113.1}
}

@ARTICLE{smith09, 
author={J. C. Smith and R. Thresher and R. Zavadil and E. DeMeo and R. Piwko and B. Ernst and T. Ackermann}, 
journal={IEEE Power and Energy Magazine}, 
title={A mighty wind}, 
year={2009}, 
volume={7}, 
number={2}, 
pages={41-51}, 
doi={10.1109/MPE.2008.931492}, 
ISSN={1540-7977}, 
month={March},}

@article{wapler12,
author="Wapler, Kathrin and Lane, Todd P.",
title={{A case of offshore convective initiation by interacting land breezes near Darwin, Australia}},
journal={{Meteorology and Atmospheric Physics}},
year="2012",
month="Feb",
day="01",
volume="115",
number="3",
pages="123-137",
doi="10.1007/s00703-011-0180-6",
url="https://doi.org/10.1007/s00703-011-0180-6"
}

@book{wilks11,
Author = {Wilks, Daniel S.},
Publisher = {Elsevier},
Series = {International geophysics series: v. 100},
Title = {Statistical methods in the atmospheric sciences. [electronic resource].},
Year = {2011},
}

@article{yates06,
author = {Yates, Eddy and Anquetin, Sandrine and Ducrocq, VÃ©ronique and Creutin, Jean-Dominique and Ricard, Didier and Chancibault, Katia},
title = {Point and areal validation of forecast precipitation fields},
journal = {Meteorological Applications},
volume = {13},
number = {1},
pages = {1-20},
keywords = {multiscale validation, mesoscale quantitative precipitation forecast},
doi = {10.1017/S1350482705001921},
url = {https://rmets.onlinelibrary.wiley.com/doi/abs/10.1017/S1350482705001921},
eprint = {https://rmets.onlinelibrary.wiley.com/doi/pdf/10.1017/S1350482705001921},
year = {2006}
}

