%
% JOURNAL ABBREVIATIONS
%
@STRING{AMS 	= "Amer.\ Meteor.\ Soc."}
@STRING{AGU 	= "Amer.\ Geophys.\ Union"}
@STRING{AIP 	= "Amer. Inst. Phys."}
@STRING{ADGEO     = "Adv.\ Geosci."}
@STRING{AFM       = "Agric.\ For.\ Meteor."}
@STRING{AM        = "Ann.\ Meteor."}
@STRING{AN        = "Astrophys.\ Norv."}		% Astrophysica Norvegica
@STRING{AO        = "Atmos.--Ocean"}			% Atmosphere--Ocean, published by Canadian Meteorological Society (CMOS)
@STRING{AR        = "Atmos.\ Res."}			% Atmospheric Research
@STRING{ARFM      = "Annu.\ Rev.\ Fluid Mech."}
@STRING{AUMET     = "Aust.\ Meteor.\ Mag."}
@STRING{BAMS      = "Bull.\ Amer.\ Meteor.\ Soc."}
@STRING{CAP       = "Contrib.\ Atmos.\ Phys."}
@STRING{CC        = "Climate Change"}      % Climate Change 
@STRING{CCH       = "Climatic Change"}			% Climatic Change
@STRING{CDYN      = "Climate Dyn."}
@STRING{CHAOS     = "Chaos"}
@STRING{COL       = "Collier's"}
@STRING{CRS       = "Cont.\ Shelf Res."}
@STRING{DAO       = "Dyn.\ Atmos.\ Oceans"}
@STRING{ECO       = "Ecology"}
@STRING{EI        = "Earth Interact."}
@STRING{GA        = "Geophysica"}			% Geophysica, published by Geophysical Society of Finland 
@STRING{GEOMAG    = "Geophys.\ Mag."}
@STRING{GN        = "Geophys.\ Norv."}			% Geophysica Norvegica
@STRING{GRL       = "Geophys.\ Res.\ Lett."}
@STRING{GEOINT    = "Geofis.\ Int."}			% Geofisica Internacional (Mexican journal -- vols. 3--5 contained proceedings from a hurricane conference
@STRING{GEOPUB    = "Geofys.\ Publ."}
@STRING{GPC       = "Global Planet.\ Change"}
@STRING{HP        = "Health Phys."}
@STRING{IAOP      = "Izv.\ Atmos.\ Ocean.\ Phys.\ (Engl.\ Transl.)"}
@STRING{IJC       = "Int.\ J.\ Climatol."}
@STRING{JAM       = "J.\ Appl.\ Meteor."}		% renamed to name below in 2006
@STRING{JAMC      = "J.\ Appl.\ Meteor.\ Climatol."}  	% Journal of Applied Meteorology and Climatology (this journal used to be called the Journal of Applied Meteorology before 2006)
@STRING{JAS       = "J.\ Atmos.\ Sci."}
@STRING{JAOT      = "J.\ Atmos.\ Oceanic Technol."}
@STRING{JCAM      = "J.\ Climate Appl.\ Meteor."}	% from 1983--87, now JAMC
@STRING{JCLI      = "J.\ Climate"}
@STRING{JCR       = "J.\ Coastal Res."}
@STRING{JFM       = "J.\ Fluid\ Mech."}
@STRING{JEM       = "J.\ Eng.\ Math."}			% Journal of Engineering Mathematics
@STRING{JGR       = "J.\ Geophys.\ Res."}
@STRING{JHM       = "J.\ Hydrometeor."}
@STRING{JMS       = "J.\ Mar.\ Syst."}
@STRING{JM        = "J.\ Meteor."}
@STRING{JMR       = "J.\ Mar.\ Res."}
@STRING{JMSJ      = "J.\ Meteor.\ Soc.\ Japan"}
@STRING{JPO       = "J.\ Phys.\ Oceanogr."}
@STRING{JOCEAN    = "J.\ Oceanogr."}			% Journal of Oceanography
@STRING{JOSJ      = "J.\ Oceanogr.\ Soc.\ Japan"}
@STRING{JSE       = "J.\ Struct.\ Eng."}	% Journal of Structural Engineering at ASCE
@STRING{JTM       = "J.\ Tropical Meteor."}
@STRING{JWEIA     = "J.\ Wind Eng.\ Ind.\ Aerodyn."}
@STRING{MA        = "Meteor.\ Appl."}
@STRING{MAP       = "Meteor.\ Atmos.\ Phys."}
@STRING{METMON    = "Meteor.\ Monogr."}
@STRING{METZEIT   = "Meteor.\ Z."}
@STRING{MWL       = "Mar.\ Wea.\ Log"}
@STRING{MWR       = "Mon.\ Wea.\ Rev."}
@STRING{NAT       = "Nature"}
@STRING{NHR       = "Nat.\ Hazards Rev."}
@STRING{NWD       = "Natl.\ Weather Dig."}
@STRING{OA        = "Oceanol. Aeta"}
@STRING{OCEAN     = "Oceanography"}                	% a quarterly journal of The Oceanography Society
@STRING{PAG       = "Pure Appl.\ Geophys."}
@STRING{PF        = "Phys.\ Fluids"}
@STRING{PHYSD     = "Physica D"}
@STRING{PMG       = "Pap.\ Meteor.\ Geophys."}	% Papers in Meteorology and Geophysics
@STRING{PNAS      = "Proc.\ Natl.\ Acad.\ Sci.\ (USA)"}
@STRING{PRE       = "Phys.\ Rev.\ E"}
@STRING{PRSA      = "Proc.\ Roy.\ Soc."}
@STRING{PT        = "Phys.\ Today"}
@STRING{PTRS      = "Philos.\ Trans.\ Roy.\ Soc.\ London"}
@STRING{QJRMS     = "Quart.\ J.\ Roy.\ Meteor.\ Soc."}
@STRING{RGEO      = "Rev. Geophys."}
@STRING{SCI       = "Science"}
@STRING{SOLA      = "SOLA"}				% Scientific Online Letters on the Atmosphere
@STRING{TAGU      = "Eos, Trans.\ Amer.\ Geophys.\ Union"}
@STRING{TELLUS    = "Tellus"}
@STRING{TCFD      = "Theor.\ Comput.\ Fluid Dyn."}
@STRING{WEA       = "Weather"}
@STRING{WW        = "Weatherwise"}
@STRING{WF        = "Wea.\ Forecasting"}
@STRING{WMOB      = "WMO Bull."}

@article{alpert84,
author = {Alpert, P. and Kusuda, M. and Abe, N.},
title = {Anticlockwise Rotation, Eccentricity and Tilt Angle of the Wind Hodograph. Part II: An Observational Study},
journal = {Journal of the Atmospheric Sciences},
volume = {41},
number = {24},
pages = {3568-3583},
year = {1984},
doi = {10.1175/1520-0469(1984)041<3568:AREATA>2.0.CO;2},
URL = {https://doi.org/10.1175/1520-0469(1984)041<3568:AREATA>2.0.CO;2},
eprint = {https://doi.org/10.1175/1520-0469(1984)041<3568:AREATA>2.0.CO;2}
}

@article{basu08,
author = {Basu, Sukanta and Vinuesa, Jean-Fran√ßois and Swift, Andrew},
title = {Dynamic {LES} Modeling of a Diurnal Cycle},
journal = {Journal of Applied Meteorology and Climatology},
volume = {47},
number = {4},
pages = {1156-1174},
year = {2008},
doi = {10.1175/2007JAMC1677.1},
URL = {https://doi.org/10.1175/2007JAMC1677.1},
eprint = {https://doi.org/10.1175/2007JAMC1677.1}
}

@article{banta18,
Author = {Banta, Robert M. and Pichugina, Yelena L. and Brewer, W. Alan and James, Eric P. and Olson, Joseph B. and Benjamin, Stanley G. and Carley, Jacob R. and Bianco, Laura and Djalalova, Irina V. and Wilczak, James M. and Hardesty, R. Michael and Cline, Joel and Marquis, Melinda C.},
ISSN = {00030007},
Journal = {Bulletin of the American Meteorological Society},
Number = {6},
Pages = {1155 - 1176},
Title = {Evaluating and Improving NWP Forecast Models for the Future: How the Needs of Offshore Wind Energy Can Point the Way.},
Volume = {99},
URL = {https://search-ebscohost-com.ezp.lib.unimelb.edu.au/login.aspx?direct=true&db=a2h&AN=130376134&site=ehost-live},
Year = {2018},
}

@article{bishop13,
author="Bishop, Craig H.
and Abramowitz, Gab",
title={Climate model dependence and the replicate {Earth} paradigm},
journal="Climate Dynamics",
year="2013",
month="Aug",
day="01",
volume="41",
number="3",
pages="885--900",
issn="1432-0894",
doi="10.1007/s00382-012-1610-y",
url="https://doi.org/10.1007/s00382-012-1610-y"
}

@techreport{bom10,
author={{Bureau of Meteorology}},
title = {Operational implementation of the {ACCESS} numerical weather prediction systems},
year={2010},
month={September},
institution = {{Bureau of Meteorology}},
address = {Melbourne, Victoria},
note={[Available online at \url{http://www.bom.gov.au/australia/charts/bulletins/apob83.pdf}]},
}

@misc{bomMetEye19,
  title = {MetEye},
  author = {{Bureau of Meteorology}},
  note = {[http://www.bom.gov.au/australia/meteye/]},
  year = {2019},
  publisher = {{Bureau of Meteorology}},
  institution = {{Bureau of Meteorology}},
}

@article {brown17,
author = {Brown, Andrew L. and Vincent, Claire L. and Lane, Todd P. and Short, Ewan and Nguyen, Hanh},
title = {Scatterometer estimates of the tropical sea-breeze circulation near {Darwin}, with comparison to regional models},
journal = QJRMS,
doi = {10.1002/qj.3131},
year={2017},
}

@article{dai99,
author={Dai, Aiguo and Deser, Clara},
year={1999},
title={Diurnal and semidiurnal variations in global surface wind and divergence fields},
journal={Journal of Geophysical Research},
volume={104},
pages={31109-31125},
isbn={0148-0227, 0148-0227},
language={English},
}

@article{ebert00,
title = "Verification of precipitation in weather systems: determination of systematic errors",
journal = "Journal of Hydrology",
volume = "239",
number = "1",
pages = "179 - 202",
year = "2000",
issn = "0022-1694",
doi = "https://doi.org/10.1016/S0022-1694(00)00343-7",
url = "http://www.sciencedirect.com/science/article/pii/S0022169400003437",
author = "E.E Ebert and J.L McBride",
keywords = "Rainfall, Precipitation, Storms, Australia",
}

@article{ebert08,
author = {Ebert, Elizabeth E.},
title = {Fuzzy verification of high-resolution gridded forecasts: a review and proposed framework},
journal = MA,
volume = {15},
number = {1},
pages = {51-64},
keywords = {verification, high-resolution forecast, fuzzy},
doi = {10.1002/met.25},
url = {https://rmets.onlinelibrary.wiley.com/doi/abs/10.1002/met.25},
eprint = {https://rmets.onlinelibrary.wiley.com/doi/pdf/10.1002/met.25},
year = {2008}
}

@inbook{ecmwf18,
	title = {Part {IV} : Physical processes},
	booktitle = {{IFS} Documentation CY45R1},
	author = {{European Center for Medium Range Weather Forecasting}},
	series = {IFS Documentation},
	number = {4},
	year = {2018},
	publisher = {{European Center for Medium Range Weather Forecasting}},
	organization = {{European Center for Medium Range Weather Forecasting}},
	note={[Available online at \url{https://www.ecmwf.int/node/18714}]},
}

@article{efron79,
author = "Efron, B.",
journal = "The Annals of Statistics",
month = "01",
number = "1",
pages = "1-26",
publisher = "The Institute of Mathematical Statistics",
title = {Bootstrap Methods: Another Look at the Jackknife},
doi = {10.1214/aos/1176344552},
volume = "7",
year = "1979"
}

@article{englberger18,
author="Englberger, Antonia
and D{\"o}rnbrack, Andreas",
title="Impact of the Diurnal Cycle of the Atmospheric Boundary Layer on Wind-Turbine Wakes: A Numerical Modelling Study",
journal="Boundary-Layer Meteorology",
year="2018",
month="Mar",
day="01",
volume="166",
number="3",
pages="423--448",
issn="1573-1472",
doi="10.1007/s10546-017-0309-3",
url="https://doi.org/10.1007/s10546-017-0309-3"
}

@article{ferro17,
author = {Ferro, Christopher A. T.},
title = {Measuring forecast performance in the presence of observation error},
journal = {Quarterly Journal of the Royal Meteorological Society},
volume = {143},
number = {708},
pages = {2665-2676},
keywords = {observation errors, probability forecasts, proper, scores, scoring rules, verification},
doi = {10.1002/qj.3115},
url = {https://rmets.onlinelibrary.wiley.com/doi/abs/10.1002/qj.3115},
eprint = {https://rmets.onlinelibrary.wiley.com/doi/pdf/10.1002/qj.3115},
year = {2017}
}

@article{gille05,
author = {Gille, Sarah T. and Llewellyn Smith, Stefan G. and Statom, Nicholas M.},
title = {Global observations of the land breeze},
journal = {{Geophysical Research Letters}},
year = {2005},
volume = {32},
number = {5},
doi = {10.1029/2004GL022139},
url = {https://agupubs.onlinelibrary.wiley.com/doi/abs/10.1029/2004GL022139},
}

@article{gille14,
author = {Gille, Sarah T. and Llewellyn Smith, Stefan G.},
title = {When land breezes collide: Converging diurnal winds over small bodies of water},
journal = {Quarterly Journal of the Royal Meteorological Society},
volume = {140},
number = {685},
pages = {2573-2581},
keywords = {diurnal winds, scatterometer winds, enclosed and semi-enclosed seas},
doi = {10.1002/qj.2322},
url = {https://rmets.onlinelibrary.wiley.com/doi/abs/10.1002/qj.2322},
eprint = {https://rmets.onlinelibrary.wiley.com/doi/pdf/10.1002/qj.2322},
year = {2014}
}

@article{haurwitz47,
author = {Haurwitz, B.},
title = {Comments on the sea-breeze circulation},
journal = {Journal of Meteorology},
volume = {4},
number = {1},
pages = {1-8},
year = {1947},
doi = {10.1175/1520-0469(1947)004<0001:COTSBC>2.0.CO;2},
URL = {https://doi.org/10.1175/1520-0469(1947)004<0001:COTSBC>2.0.CO;2},
eprint = {https://doi.org/10.1175/1520-0469(1947)004<0001:COTSBC>2.0.CO;2},
}

@article{holtslag13,
author = {Holtslag, A. A. M. and Svensson, G. and Baas, P. and Basu, S. and Beare, B. and Beljaars, A. C. M. and Bosveld, F. C. and Cuxart, J. and Lindvall, J. and Steeneveld, G. J. and Tjernstr√∂m, M. and Van De Wiel, B. J. H.},
title = {Stable Atmospheric Boundary Layers and Diurnal Cycles: Challenges for Weather and Climate Models},
journal = {Bulletin of the American Meteorological Society},
volume = {94},
number = {11},
pages = {1691-1706},
year = {2013},
doi = {10.1175/BAMS-D-11-00187.1},
URL = {https://doi.org/10.1175/BAMS-D-11-00187.1},
eprint = {https://doi.org/10.1175/BAMS-D-11-00187.1}
}

@Article{hoxit75,
author="Hoxit, Lee R.",
title="Diurnal variations in planetary boundary-layer winds over land",
journal="Boundary-Layer Meteorology",
year="1975",
month="Jan",
day="01",
volume="8",
number="1",
pages="21--38",
issn="1573-1472",
doi="10.1007/BF02579391",
url="https://doi.org/10.1007/BF02579391"
}

@article{kumar06,
author = {Kumar, Vijayant and Kleissl, Jan and Meneveau, Charles and Parlange, Marc B.},
title = {Large-eddy simulation of a diurnal cycle of the atmospheric boundary layer: Atmospheric stability and scaling issues},
journal = {Water Resources Research},
volume = {42},
number = {6},
pages = {},
keywords = {atmospheric boundary layer, convective boundary layer, diurnal cycle, large-eddy simulation, focal scaling, low-level jet},
doi = {10.1029/2005WR004651},
url = {https://agupubs.onlinelibrary.wiley.com/doi/abs/10.1029/2005WR004651},
eprint = {https://agupubs.onlinelibrary.wiley.com/doi/pdf/10.1029/2005WR004651},
year = {2006}
}

@article{kusuda83,
author = {Kusuda, M. and Alpert, P.},
title = {Anti-Clockwise Rotation of the Wind Hodograph. Part I: Theoretical Study},
journal = {Journal of the Atmospheric Sciences},
volume = {40},
number = {2},
pages = {487-499},
year = {1983},
doi = {10.1175/1520-0469(1983)040<0487:ACROTW>2.0.CO;2},
URL = {https://doi.org/10.1175/1520-0469(1983)040<0487:ACROTW>2.0.CO;2},
}

@book{lee18,
Author = {Lee, Xuhui},
ISBN = {9783319608532},
Publisher = {Springer},
Series = {Springer atmospheric sciences},
Title = {Fundamentals of boundary-layer meteorology.},
Year = {2018},
}

@article{liu10,
author = {Liu, Shuyan and Liang, Xin-Zhong},
title = {Observed Diurnal Cycle Climatology of Planetary Boundary Layer Height},
journal = {Journal of Climate},
volume = {23},
number = {21},
pages = {5790-5809},
year = {2010},
doi = {10.1175/2010JCLI3552.1},
URL = { 
        https://doi.org/10.1175/2010JCLI3552.1
},
eprint = { 
        https://doi.org/10.1175/2010JCLI3552.1   
}
}

@article{lock00,
author = {Lock, A. P. and Brown, A. R. and Bush, M. R. and Martin, G. M. and Smith, R. N. B.},
title = {A New Boundary Layer Mixing Scheme. Part I: Scheme Description and Single-Column Model Tests},
journal = {Monthly Weather Review},
volume = {128},
number = {9},
pages = {3187-3199},
year = {2000},
doi = {10.1175/1520-0493(2000)128<3187:ANBLMS>2.0.CO;2},
URL = {https://doi.org/10.1175/1520-0493(2000)128<3187:ANBLMS>2.0.CO;2},
eprint = {https://doi.org/10.1175/1520-0493(2000)128<3187:ANBLMS>2.0.CO;2}
}

@Article{louis79,
author="Louis, Jean-Fran{\c{c}}ois",
title="A parametric model of vertical eddy fluxes in the atmosphere",
journal="Boundary-Layer Meteorology",
year="1979",
month="Sep",
day="01",
volume="17",
number="2",
pages="187--202",
issn="1573-1472",
doi="10.1007/BF00117978",
url="https://doi.org/10.1007/BF00117978"
}

@article{lynch14,
author = {Lynch, Kieran J. and Brayshaw, David J. and Charlton-Perez, Andrew},
title = {Verification of European Subseasonal Wind Speed Forecasts},
journal = {Monthly Weather Review},
volume = {142},
number = {8},
pages = {2978-2990},
year = {2014},
doi = {10.1175/MWR-D-13-00341.1},
URL = {https://doi.org/10.1175/MWR-D-13-00341.1},
eprint = {https://doi.org/10.1175/MWR-D-13-00341.1}
}

@article{mahringer08,
author = {Mahringer, Guenter},
title = {Terminal aerodrome forecast verification in Austro Control using time windows and ranges of forecast conditions},
journal = MA,
volume = {15},
number = {1},
pages = {113-123},
keywords = {forecast quality, aeronautical meteorology, verification method, contingency tables},
doi = {10.1002/met.62},
url = {https://rmets.onlinelibrary.wiley.com/doi/abs/10.1002/met.62},
eprint = {https://rmets.onlinelibrary.wiley.com/doi/pdf/10.1002/met.62},
year = {2008}
}

@article{mason08,
author = {Mason, S. J.},
title = {Understanding forecast verification statistics},
journal = MA,
volume = {15},
number = {1},
pages = {31-40},
keywords = {bootstrap, cross validation, effectiveness, equitability, locality, p-values, permutation, propriety},
doi = {10.1002/met.51},
url = {https://rmets.onlinelibrary.wiley.com/doi/abs/10.1002/met.51},
eprint = {https://rmets.onlinelibrary.wiley.com/doi/pdf/10.1002/met.51},
year = {2008}
}

@article{may95,
author = {May, Peter T.},
title = {The Australian nocturnal jet and diurnal variations of boundary-layer winds over Mt. Isa in North-eastern Australia},
journal = {Quarterly Journal of the Royal Meteorological Society},
volume = {121},
number = {525},
pages = {987-1003},
keywords = {Australian monsoon, Boundary layer, Diurnal variations, Inertial oscillation, Nocturnal jet, Sea breeze},
doi = {10.1002/qj.49712152503},
url = {https://rmets.onlinelibrary.wiley.com/doi/abs/10.1002/qj.49712152503},
eprint = {https://rmets.onlinelibrary.wiley.com/doi/pdf/10.1002/qj.49712152503},
year = {1995},
}

@article{miller03,
  author = {Miller, S. T. K. and Keim, B. D. and Talbot, R. W. and Mao, H.},
  year = {2003},
  title = {Sea breeze: Structure, forecasting, and impacts},
  journal = {Reviews of Geophysics},
  publisher = {Wiley Online Library},
  issn = {1944-9208},
  doi = {10.1029/2003RG000124},
  volume = {41},
  month = {9},
  number = {3},
  url = {https://doi.org/10.1029/2003RG000124},
}

@article{pinson12,
author = {Pinson, Pierre and Hagedorn, Renate},
title = {Verification of the ECMWF ensemble forecasts of wind speed against analyses and observations},
journal = MA,
volume = {19},
number = {4},
pages = {484-500},
keywords = {probabilistic forecasting, skill, calibration, benchmark, scores, observational uncertainty, energy application},
doi = {10.1002/met.283},
url = {https://rmets.onlinelibrary.wiley.com/doi/abs/10.1002/met.283},
eprint = {https://rmets.onlinelibrary.wiley.com/doi/pdf/10.1002/met.283},
year = {2012}
}

@article{qian09,
author = {Qian, Tingting and Epifanio, Craig C. and Zhang, Fuqing},
title = {{Linear Theory Calculations for the Sea Breeze in a Background Wind: The Equatorial Case}},
journal = {{Journal of the Atmospheric Sciences}},
volume = {66},
number = {6},
pages = {1749-1763},
year = {2009},
doi = {10.1175/2008JAS2851.1},
URL = {https://doi.org/10.1175/2008JAS2851.1},
}

@article{rauniyar11,
author = {Rauniyar, Surendra P. and Walsh, Kevin J. E.},
title = {{Scale Interaction of the Diurnal Cycle of Rainfall over the Maritime Continent and Australia: Influence of the MJO}},
journal = {{Journal of Climate}},
volume = {24},
number = {2},
pages = {325-348},
year = {2011},
doi = {10.1175/2010JCLI3673.1},
URL = {https://doi.org/10.1175/2010JCLI3673.1},
}

@article{robinson13,
author = {Robinson, F. J. and Patterson, M. D. and Sherwood, S. C.},
title = {A Numerical Modeling Study of the Propagation of Idealized Sea-Breeze Density Currents},
journal = {Journal of the Atmospheric Sciences},
volume = {70},
number = {2},
pages = {653-668},
year = {2013},
doi = {10.1175/JAS-D-12-0113.1},
URL = {https://doi.org/10.1175/JAS-D-12-0113.1},
eprint = {https://doi.org/10.1175/JAS-D-12-0113.1}
}

@ARTICLE{smith09, 
author={J. C. Smith and R. Thresher and R. Zavadil and E. DeMeo and R. Piwko and B. Ernst and T. Ackermann}, 
journal={IEEE Power and Energy Magazine}, 
title={A mighty wind}, 
year={2009}, 
volume={7}, 
number={2}, 
pages={41-51}, 
doi={10.1109/MPE.2008.931492}, 
ISSN={1540-7977}, 
month={March},}

@article{stensrud96,
author = {Stensrud, David J.},
title = {Importance of Low-Level Jets to Climate: A Review},
journal = {Journal of Climate},
volume = {9},
number = {8},
pages = {1698-1711},
year = {1996},
doi = {10.1175/1520-0442(1996)009<1698:IOLLJT>2.0.CO;2},
URL = { 
        https://doi.org/10.1175/1520-0442(1996)009<1698:IOLLJT>2.0.CO;2
},
eprint = { 
        https://doi.org/10.1175/1520-0442(1996)009<1698:IOLLJT>2.0.CO;2
}
}

@article{svensson11,
author="Svensson, G.
and Holtslag, A. A. M.
and Kumar, V.
and Mauritsen, T.
and Steeneveld, G. J.
and Angevine, W. M.
and Bazile, E.
and Beljaars, A.
and de Bruijn, E. I. F.
and Cheng, A.
and Conangla, L.
and Cuxart, J.
and Ek, M.
and Falk, M. J.
and Freedman, F.
and Kitagawa, H.
and Larson, V. E.
and Lock, A.
and Mailhot, J.
and Masson, V.
and Park, S.
and Pleim, J.
and S{\"o}derberg, S.
and Weng, W.
and Zampieri, M.",
title="Evaluation of the Diurnal Cycle in the Atmospheric Boundary Layer Over Land as Represented by a Variety of Single-Column Models: The Second GABLS Experiment",
journal="Boundary-Layer Meteorology",
year="2011",
month="Aug",
day="01",
volume="140",
number="2",
pages="177--206",
issn="1573-1472",
doi="10.1007/s10546-011-9611-7",
url="https://doi.org/10.1007/s10546-011-9611-7"
}

@article{wapler12,
author="Wapler, Kathrin and Lane, Todd P.",
title={{A case of offshore convective initiation by interacting land breezes near Darwin, Australia}},
journal={{Meteorology and Atmospheric Physics}},
year="2012",
month="Feb",
day="01",
volume="115",
number="3",
pages="123-137",
doi="10.1007/s00703-011-0180-6",
url="https://doi.org/10.1007/s00703-011-0180-6"
}

@book{wilks11,
Author = {Wilks, Daniel S.},
Publisher = {Elsevier},
Series = {International geophysics series: v. 100},
Title = {Statistical methods in the atmospheric sciences. [electronic resource].},
Year = {2011},
}

@article{yates06,
author = {Yates, Eddy and Anquetin, Sandrine and Ducrocq, V√©ronique and Creutin, Jean-Dominique and Ricard, Didier and Chancibault, Katia},
title = {Point and areal validation of forecast precipitation fields},
journal = MA,
volume = {13},
number = {1},
pages = {1-20},
keywords = {multiscale validation, mesoscale quantitative precipitation forecast},
doi = {10.1017/S1350482705001921},
url = {https://rmets.onlinelibrary.wiley.com/doi/abs/10.1017/S1350482705001921},
eprint = {https://rmets.onlinelibrary.wiley.com/doi/pdf/10.1017/S1350482705001921},
year = {2006}
}

@article{zhang04,
author = {Zhang, Da-Lin and Zheng, Wei-Zhong},
title = {Diurnal Cycles of Surface Winds and Temperatures as Simulated by Five Boundary Layer Parameterizations},
journal = {Journal of Applied Meteorology},
volume = {43},
number = {1},
pages = {157-169},
year = {2004},
doi = {10.1175/1520-0450(2004)043<0157:DCOSWA>2.0.CO;2},
URL = {https://doi.org/10.1175/1520-0450(2004)043<0157:DCOSWA>2.0.CO;2},
eprint = {https://doi.org/10.1175/1520-0450(2004)043<0157:DCOSWA>2.0.CO;2}
}

@article{zwiers95,
author = {Zwiers, Francis W. and von Storch, Hans},
title = {Taking Serial Correlation into Account in Tests of the Mean},
journal = {Journal of Climate},
volume = {8},
number = {2},
pages = {336-351},
year = {1995},
doi = {10.1175/1520-0442(1995)008<0336:TSCIAI>2.0.CO;2},
URL = { 
        https://doi.org/10.1175/1520-0442(1995)008<0336:TSCIAI>2.0.CO;2
},
eprint = { 
        https://doi.org/10.1175/1520-0442(1995)008<0336:TSCIAI>2.0.CO;2    
}
}


