@article{efron79,
author = "Efron, B.",
journal = "The Annals of Statistics",
month = "01",
number = "1",
pages = "1-26",
publisher = "The Institute of Mathematical Statistics",
title = {Bootstrap Methods: Another Look at the Jackknife},
doi = {10.1214/aos/1176344552},
volume = "7",
year = "1979"
}

@article{gille05,
author = {Gille, Sarah T. and Llewellyn Smith, Stefan G. and Statom, Nicholas M.},
title = {Global observations of the land breeze},
journal = {{Geophysical Research Letters}},
year = {2005},
volume = {32},
number = {5},
doi = {10.1029/2004GL022139},
url = {https://agupubs.onlinelibrary.wiley.com/doi/abs/10.1029/2004GL022139},
}

@article{qian09,
author = {Qian, Tingting and Epifanio, Craig C. and Zhang, Fuqing},
title = {{Linear Theory Calculations for the Sea Breeze in a Background Wind: The Equatorial Case}},
journal = {{Journal of the Atmospheric Sciences}},
volume = {66},
number = {6},
pages = {1749-1763},
year = {2009},
doi = {10.1175/2008JAS2851.1},
URL = {https://doi.org/10.1175/2008JAS2851.1},
}

@article{rauniyar11,
author = {Rauniyar, Surendra P. and Walsh, Kevin J. E.},
title = {{Scale Interaction of the Diurnal Cycle of Rainfall over the Maritime Continent and Australia: Influence of the MJO}},
journal = {{Journal of Climate}},
volume = {24},
number = {2},
pages = {325-348},
year = {2011},
doi = {10.1175/2010JCLI3673.1},
URL = {https://doi.org/10.1175/2010JCLI3673.1},
}

@article{wapler12,
author="Wapler, Kathrin and Lane, Todd P.",
title={{A case of offshore convective initiation by interacting land breezes near Darwin, Australia}},
journal={{Meteorology and Atmospheric Physics}},
year="2012",
month="Feb",
day="01",
volume="115",
number="3",
pages="123-137",
doi="10.1007/s00703-011-0180-6",
url="https://doi.org/10.1007/s00703-011-0180-6"
}
